@article{a1,
  title={Stock market prediction using linear regression and support vector machines},
  author={Gururaj, Vaishnavi and Shriya, VR and Ashwini, K},
  journal={Int J Appl Eng Res},
  volume={14},
  number={8},
  pages={1931--1934},
  year={2019}
}

@article{a2,
  title={Study of effectiveness of time series modeling (ARIMA) in forecasting stock prices},
  author={Mondal, Prapanna and Shit, Labani and Goswami, Saptarsi},
  journal={International Journal of Computer Science, Engineering and Applications},
  volume={4},
  number={2},
  pages={13},
  year={2014},
  publisher={Citeseer}
}

@article{a3,
  title={Stock price prediction using support vector regression on daily and up to the minute prices},
  author={Henrique, Bruno Miranda and Sobreiro, Vinicius Amorim and Kimura, Herbert},
  journal={The Journal of finance and data science},
  volume={4},
  number={3},
  pages={183--201},
  year={2018},
  publisher={Elsevier}
}

@article{a4,
  title={Data science approach to stock prices forecasting in Indonesia during Covid-19 using Long Short-Term Memory (LSTM)},
  author={Budiharto, Widodo},
  journal={Journal of big data},
  volume={8},
  pages={1--9},
  year={2021},
  publisher={Springer}
}

@inproceedings{a5,
  title={Using autoregressive modelling and machine learning for stock market prediction and trading},
  author={Hushani, Phillip},
  booktitle={Third International Congress on Information and Communication Technology: ICICT 2018, London},
  pages={767--774},
  year={2019},
  organization={Springer}
}
@article{a6,
  title={Predicting Stock Prices Using the Random Forest Classifier},
  author={Daori, Hind and ALHARTHI, MANAR and ALANAZI, ALANOUD and ALZAHRANI, GHAIDA and ABOROKBAH, MAJED and Aljehane, Nojood},
  year={2022}
}
@article{a7,
  title={A novel time series based Seq2Seq model for temperature prediction in firing furnace process},
  author={Hwang, Soonsung and Jeon, Gunwoo and Jeong, Jongpil and Lee, JunYoul},
  journal={Procedia Computer Science},
  volume={155},
  pages={19--26},
  year={2019},
  publisher={Elsevier}
}
@article{a8,
  title={Fault detection based on fully convolutional networks (FCN)},
  author={Wu, Jizhong and Liu, Bo and Zhang, Hao and He, Shumei and Yang, Qianqian},
  journal={Journal of Marine Science and Engineering},
  volume={9},
  number={3},
  pages={259},
  year={2021},
  publisher={MDPI}
}
@book{a9,
  title={Practical time series analysis: Prediction with statistics and machine learning},
  author={Nielsen, Aileen},
  year={2019},
  publisher={O'Reilly Media}
}
@misc{a10,
  title={Understanding arima models for machine learning},
  author={BORA, Neha},
  year={2021},
  publisher={Capital One [online]. McLean, Virginia: Capital One}
}
@article{a11,
  title={Comparison of support vector regression and neural networks},
  author={Phung, A Le My and James, K},
  journal={Trabalho para obten{\c{c}}{\~a}o parcial do grau de Mestre em Ci{\^e}ncia). Universidade do Minnesota Duluth, Duluth, Estados Unidos da Am{\'e}rica},
  year={2016}
}
@article{a12,
  title={Comparing neural network based decoders for the surface code},
  author={Varsamopoulos, Savvas and Bertels, Koen and Almudever, Carmen Garcia},
  journal={IEEE Transactions on Computers},
  volume={69},
  number={2},
  pages={300--311},
  year={2019},
  publisher={IEEE}
}
@article{a13,
  title={Time-series well performance prediction based on Long Short-Term Memory (LSTM) neural network model},
  author={Song, Xuanyi and Liu, Yuetian and Xue, Liang and Wang, Jun and Zhang, Jingzhe and Wang, Junqiang and Jiang, Long and Cheng, Ziyan},
  journal={Journal of Petroleum Science and Engineering},
  volume={186},
  pages={106682},
  year={2020},
  publisher={Elsevier}
}
@article{a14,
  title={Vector autoregressions},
  author={Stock, James H and Watson, Mark W},
  journal={Journal of Economic perspectives},
  volume={15},
  number={4},
  pages={101--115},
  year={2001},
  publisher={American Economic Association}
}
@article{a15,
  title={Forecasting time series using Vector Autoregressive Model},
  author={Abdullah, Lemya Taha},
  journal={International Journal of Nonlinear Analysis and Applications},
  volume={13},
  number={1},
  pages={499--511},
  year={2022},
  publisher={International Journal of Nonlinear Analysis and Applications}
}
@article{a16,
  title={Deep learning for time series classification: a review},
  author={Ismail Fawaz, Hassan and Forestier, Germain and Weber, Jonathan and Idoumghar, Lhassane and Muller, Pierre-Alain},
  journal={Data mining and knowledge discovery},
  volume={33},
  number={4},
  pages={917--963},
  year={2019},
  publisher={Springer}
}

